<?xml version="1.0" encoding="UTF-8"?><collection xmlns="http://www.loc.gov/MARC21/slim"><record><leader>00424nam--2200133-i-4500</leader><controlfield tag="001">000023069</controlfield><controlfield tag="002">20161230</controlfield><controlfield tag="005">20161230201034</controlfield><controlfield tag="008">060222s1000------------r-----000-0-eng-d</controlfield><datafield ind1=" " ind2=" " tag="100"><subfield code="a">Iordanescu, Radu, Popovici, Iulian Si Turtoi, Adriana</subfield></datafield><datafield ind1=" " ind2=" " tag="245"><subfield code="a">Graduari simple jordan si lie considerate in geometria diferentiala</subfield></datafield><datafield ind1=" " ind2=" " tag="260"><subfield code="a">Bucuresti,Editura Academiei, 1971. 191p</subfield></datafield><datafield ind1=" " ind2=" " tag="852"><subfield code="a">35224</subfield><subfield code="c">513</subfield></datafield><datafield ind1=" " ind2=" " tag="CAT"><subfield code="a">Sys</subfield><subfield code="c">20080527</subfield><subfield code="h">113951</subfield></datafield></record></collection>